%% This BibTeX bibliography file was created using BibDesk.
%% http://bibdesk.sourceforge.net/

%% Created for Daniel Hellfeld at 2019-07-27 11:45:30 -0700 


%% Saved with string encoding Unicode (UTF-8) 



@article{Bernstein2015,
	Author = {A.~Bernstein and the~WATCHMAN~collab.},
	Date-Added = {2019-07-27 15:03:11 +0000},
	Date-Modified = {2019-07-27 18:22:38 +0000},
	Journal = {\href{http://arxiv.org/pdf/1502.01132.pdf}{arXiv:1502.01132}},
	Month = {Feb.},
	Title = {{The Physics and Nuclear Nonproliferation Goals of WATCHMAN: A WATer CHerenkov Monitor for ANtineutrinos}},
	Year = {2015}}

@mastersthesis{Hellfeld2015-1,
	Author = {\textbf{D.~Hellfeld} and C.~Marianno and W.~Charlton and R.~Webb},
	Date-Added = {2019-07-27 15:02:03 +0000},
	Date-Modified = {2019-07-27 18:24:12 +0000},
	Month = {May},
	School = {\href{http://hdl.handle.net/1969.1/155140}{Texas A\&M University}},
	Title = {{Feasibility of Nuclear Reactor Antineutrino Directionality via Elastic Electron Scattering in the WATer CHerenkov Monitor of ANtineutrinos (WATCHMAN)}},
	Year = {2015}}

@article{Hellfeld2015-2,
	Author = {\textbf{D.~Hellfeld} and A.~Bernstein and S.~Dazeley and C.~Marianno},
	Date-Added = {2019-07-27 15:01:01 +0000},
	Date-Modified = {2019-07-27 18:25:05 +0000},
	Journal = {\href{https://www.inmm.org/INMM-Resources/Proceedings-Presentations/Annual-Meeting-Proceedings}{in Proc. INMM Annual Meeting}},
	Month = {Indian Wells, CA, Jul.},
	Title = {{Nuclear Reactor Antineutrino Directionality via Elastic Electron Scattering in a Gd-Doped Water Cherenkov Detector}},
	Year = {2015}}

@article{Bowden2015,
	Author = {N.~S.~Bowden and K.~M.~Heeger and P.~Huber and C.~Mariani and R.~B.~Vogelaar},
	Date-Added = {2019-07-27 14:59:29 +0000},
	Date-Modified = {2019-07-27 18:25:36 +0000},
	Journal = {\href{http://arxiv.org/abs/1602.04759}{arXiv:1602.04759}},
	Month = {Arlington, VA, Dec.},
	Title = {{Applied Antineutrino Physics - Conference Summary}},
	Year = {2015}}

@article{Hellfeld2016,
	Author = {\textbf{D.~Hellfeld} and P.~Barton and D.~Gunter and L.~Mihailescu and K.~Vetter},
	Date-Added = {2019-07-27 14:58:30 +0000},
	Date-Modified = {2019-07-27 18:25:52 +0000},
	Journal = {\href{http://ieeexplore.ieee.org/document/8069853/}{in Proc. IEEE NSS-MIC}},
	Month = {Strasbourg, France, Nov.},
	Title = {{Optimization of a Spherical Active Coded Mask Imager}},
	Year = {2016}}

@article{Hellfeld2017-1,
	Author = {\textbf{D.~Hellfeld} and S.~Dazeley and A.~Bernstein and C.~Marianno},
	Date-Added = {2019-07-27 14:57:24 +0000},
	Date-Modified = {2019-07-27 18:44:26 +0000},
	Journal = {\href{http://www.sciencedirect.com/science/article/pii/S0168900216310555}{Nucl. Instrum. Meth. A}},
	Month = {Jan.},
	Pages = {130-138},
	Title = {{Reconstructing the Direction of Reactor Antineutrinos via Electron Scattering in Gd-Doped Water Cherenkov Detectors}},
	Volume = {841},
	Year = {2017}}

@article{Hellfeld2017-3,
	Author = {\textbf{D.~Hellfeld} and P.~Barton and D.~Gunter and L.~Mihailescu and K.~Vetter},
	Date-Added = {2019-07-27 14:56:29 +0000},
	Date-Modified = {2019-07-27 18:44:05 +0000},
	Journal = {\href{http://ieeexplore.ieee.org/document/8048531/}{IEEE Trans. Nucl. Sci.}},
	Month = {Nov.},
	Number = {11},
	Pages = {2837-2842},
	Title = {{A Spherical Active Coded Aperture for 4$\pi$ Gamma-ray Imaging}},
	Volume = {64},
	Year = {2017}}

@article{Dazeley2017,
	Author = {S.~Dazeley and A.~Bernstein and T.~Classen and E.~Reedy and \textbf{D.~Hellfeld} and M.~Duvall and C.~Marianno},
	Date-Added = {2019-07-27 14:55:22 +0000},
	Date-Modified = {2019-07-27 18:26:03 +0000},
	Journal = {\href{http://www.creteconf.org/index.html}{in Proc. Int. Conf. App. Nucl. Tech.}},
	Month = {Crete, Greece, Jun.},
	Title = {{Antineutrino Detection based on \textsuperscript{6}Li-doped Pulse Shape Sensitive Plastic Scintillator and Gd-doped Water}},
	Year = {2017}}

@article{Hellfeld2017-2,
	Author = {\textbf{D.~Hellfeld} and P.~Barton and A.~Haefner and D.~Gunter and L.~Mihailescu and K.~Vetter},
	Date-Added = {2019-07-27 14:53:55 +0000},
	Date-Modified = {2019-07-27 18:44:30 +0000},
	Journal = {\href{https://ieeexplore.ieee.org/document/8532690}{in Proc. IEEE NSS-MIC}},
	Month = {Atlanta, GA, Oct.},
	Title = {{Omnidirectional 3D Gamma-ray Imaging with a Free-moving Spherical Active Coded Aperture}},
	Year = {2017}}

@article{Vetter2018,
	Author = {K.~Vetter and A.~Haefner and R.~Barnowski and P.~Barton and \textbf{D.~Hellfeld} and T.~Joshi and R.~Pavlovsky and Y.~Sanada and Y.~Shikaze and T.~Torii},
	Date-Added = {2019-07-27 14:51:30 +0000},
	Date-Modified = {2019-07-27 18:26:08 +0000},
	Journal = {\href{http://www.xcdsystem.com/wmsym/2018/index.html}{in Proc. Waste Management Symp.}},
	Month = {Phoenix, AZ, Mar.},
	Title = {{3-D Radiation Mapping and Data Fusion for Environmental Remediation and Cleanup}},
	Year = {2018}}

@article{Hellfeld2019-1,
	Author = {\textbf{D.~Hellfeld} and T.~H.~Y.~Joshi and M.~S.~Bandstra and R.~J.~Cooper and B.~J.~Quiter and K.~Vetter},
	Date-Added = {2019-07-27 14:50:23 +0000},
	Date-Modified = {2019-07-27 14:51:17 +0000},
	Journal = {\href{https://ieeexplore.ieee.org/document/8768340}{IEEE Trans. Nucl. Sci. (in press)}},
	Title = {{Gamma-Ray Point-Source Localization and Sparse Image Reconstruction using Poisson Likelihood}},
	Year = {2019}}

@article{Hellfeld2019-2,
	Author = {\textbf{D.~Hellfeld} and P.~Barton and A.~Haefner and D.~Gunter and L.~Mihailescu and K.~Vetter},
	Date-Added = {2019-07-27 14:47:21 +0000},
	Date-Modified = {2019-07-27 14:48:35 +0000},
	Journal = {IEEE Trans. Nucl. Sci. (under review)},
	Title = {{Real-time Free-moving Active Coded Mask 3D Gamma-ray Imaging}},
	Year = {2019}}
